--------------------------------------------------
                  DRP Contract
--------------------------------------------------
@inproceedings{Capota:2015:Graphalytics,
	author = {Capot\u{a}, Mihai and Hegeman, Tim and Iosup, Alexandru and Prat-P{\'e}rez, Arnau and Erling, Orri and Boncz, Peter},
	title = {Graphalytics: A Big Data Benchmark for Graph-Processing Platforms},
	booktitle = {Proceedings of the GRADES'15},
	series = {GRADES'15},
	year = {2015},
	isbn = {978-1-4503-3611-6},
	location = {Melbourne, VIC, Australia},
	pages = {7:1--7:6},
	articleno = {7},
	numpages = {6},
	url = {http://doi.acm.org/10.1145/2764947.2764954},
	doi = {10.1145/2764947.2764954},
	acmid = {2764954},
	publisher = {ACM},
	address = {New York, NY, USA}
}

@techreport{Iosup:2016:Graphalyticstech,
	author = {Alexandru Iosup and Tim Hegeman and Wing Lung Ngai and Stijn Heldens and Arnau Prat PÃ©rez and Thomas Manhardt and Hassan Chafi and Mihai Capota and Narayanan Sundaram and Michael Anderson and Ilie Gabriel Tanase and Yinglong Xia and Lifeng Nai and Peter Boncz},
	title = {LDBC Graphalytics: A Benchmark for Large-Scale Graph Analysis on Parallel and Distributed Platforms, a Technical Report},
	year = {2016},
	institution = {Delft University of Technology},
}

This one is longer than the Capota graphalytics paper.
@inproceedings{Guo:2014:Graphalytics, 
	author={Y. Guo and M. Biczak and A. L. Varbanescu and A. Iosup and C. Martella and T. L. Willke}, 
	booktitle={Parallel and Distributed Processing Symposium, 2014 IEEE 28th International}, 
	title={How Well Do Graph-Processing Platforms Perform? An Empirical Performance Evaluation and Analysis}, 
	year={2014}, 
	pages={395-404}, 
	keywords={benchmark testing;data analysis;algorithmic classes;benchmarking suite;comprehensive process;datasets;empirical performance evaluation;graph-processing platforms;representative metrics;resource utilization;user-lever performance;Algorithm design and analysis;Benchmark testing;Measurement;Programming;Scalability;Terrestrial atmosphere;Yarn;benchmark;graph processing;performance evaluation}, 
	doi={10.1109/IPDPS.2014.49}, 
	ISSN={1530-2075}, 
	month={May}
}

@inproceedings{Firoz:2016:Reportcard,
	author = {Firoz, Jesun Sahariar and Kanewala, Thejaka Amila and Zalewski, Marcin and Barnas, Martina and Lumsdaine, Andrew},
	title = {Context Matters: Distributed Graph Algorithms and Runtime Systems: A Case Study of Distributed Graph Traversals},
	booktitle = {Proceedings of the Platform for Advanced Scientific Computing Conference},
	series = {PASC '16},
	year = {2016},
	isbn = {978-1-4503-4126-4},
	location = {Lausanne, Switzerland},
	pages = {12:1--12:10},
	articleno = {12},
	numpages = {10},
	url = {http://doi.acm.org/10.1145/2929908.2929917},
	doi = {10.1145/2929908.2929917},
	acmid = {2929917},
	publisher = {ACM},
	address = {New York, NY, USA},
	keywords = {Distributed graph algorithms, Runtimes, Single source shortest paths},
}

@phdthesis{Beamer:2016:GAP,
	Author = {Beamer, Scott},
	Title = {Understanding and Improving Graph Algorithm Performance},
	School = {EECS Department, University of California, Berkeley},
	Year = {2016},
	Month = {Sep},
	URL = {http://www2.eecs.berkeley.edu/Pubs/TechRpts/2016/EECS-2016-153.html},
	Number = {UCB/EECS-2016-153},
}

@inproceedings {kyrola:2012:Graphchi,
	author = {Aapo Kyrola and Guy Blelloch and Carlos Guestrin},
	title = {GraphChi: Large-Scale Graph Computation on Just a PC},
	booktitle = {Presented as part of the 10th USENIX Symposium on Operating Systems Design and Implementation (OSDI 12)},
	year = {2012},
	isbn = {978-1-931971-96-6},
	address = {Hollywood, CA},
	pages = {31--46},
	url = {https://www.usenix.org/conference/osdi12/technical-sessions/presentation/kyrola},
	publisher = {USENIX},
}

@inproceedings{Nai:2015:Graphbig,
	author = {Nai, Lifeng and Xia, Yinglong and Tanase, Ilie G. and Kim, Hyesoon and Lin, Ching-Yung},
	title = {{GraphBIG}: Understanding Graph Computing in the Context of Industrial Solutions},
	booktitle = {Proceedings of the International Conference for High Performance Computing, Networking, Storage and Analysis},
	series = {SC '15},
	year = {2015},
	isbn = {978-1-4503-3723-6},
	location = {Austin, Texas},
	pages = {69:1--69:12},
	articleno = {69},
	numpages = {12},
	url = {http://doi.acm.org/10.1145/2807591.2807626},
	doi = {10.1145/2807591.2807626},
	acmid = {2807626},
	publisher = {ACM},
	address = {New York, NY, USA},
}

@techreport{Murphy:2010:Graph500,
	author = {Murphy, Richard C. and Wheeler, Kyle B. and Barrett, Brian W. and Arg, James A.},
	title = {Introducing the Graph500},
	institution = {Cray User's Group},
	year = {2010},
}

@inproceedings{Eisenman:2016:Prejudice,
	author = {Eisenman, Assaf and Cherkasova, Ludmila and Magalhaes, Guilherme and Cai, Qiong and Faraboschi, Paolo and Katti, Sachin},
	title = {Parallel Graph Processing: Prejudice and State of the Art},
	booktitle = {Proceedings of the 7th ACM/SPEC on International Conference on Performance Engineering},
	series = {ICPE '16},
	year = {2016},
	isbn = {978-1-4503-4080-9},
	location = {Delft, The Netherlands},
	pages = {85--90},
	numpages = {6},
	url = {http://doi.acm.org/10.1145/2851553.2851572},
	doi = {10.1145/2851553.2851572},
	acmid = {2851572},
	publisher = {ACM},
	address = {New York, NY, USA},
	keywords = {benchmarking, hardware performance counters, parallel graph processing, profiling},
}

@inproceedings{Gamblin:2015:Spack,
	author = {Gamblin, Todd and LeGendre, Matthew and Collette, Michael R. and Lee, Gregory L. and Moody, Adam and de Supinski, Bronis R. and Futral, Scott},
	title = {The Spack Package Manager: Bringing Order to HPC Software Chaos},
	booktitle = {Proceedings of the International Conference for High Performance Computing, Networking, Storage and Analysis},
	series = {SC '15},
	year = {2015},
	isbn = {978-1-4503-3723-6},
	location = {Austin, Texas},
	pages = {40:1--40:12},
	articleno = {40},
	numpages = {12},
	url = {http://doi.acm.org/10.1145/2807591.2807623},
	doi = {10.1145/2807591.2807623},
	acmid = {2807623},
	publisher = {ACM},
	address = {New York, NY, USA},
}

@article{Shende:2006:Tau,
	author = {Shende, Sameer S. and Malony, Allen D.},
	title = {The Tau Parallel Performance System},
	journal = {Int. J. High Perform. Comput. Appl.},
	issue_date = {May 2006},
	volume = {20},
	number = {2},
	month = may,
	year = {2006},
	issn = {1094-3420},
	pages = {287--311},
	numpages = {25},
	url = {http://dx.doi.org/10.1177/1094342006064482},
	doi = {10.1177/1094342006064482},
	acmid = {1125982},
	publisher = {Sage Publications, Inc.},
	address = {Thousand Oaks, CA, USA},
	keywords = {Performance evaluation, TAU, analysis, instrumentation, measurement},
}

--------------------------------------------------
                    Survey
--------------------------------------------------

Technical Report PDS-2014-003
@techreport{Doekemeijer:2015:GPFSurvey,
	author = {Niels Doekemeijer and Ana Lucia Varbanescu},
	title = {A Survey of Parallel Graph Processing Frameworks},
	year = {2014},
	institution = {Delft University of Technology},
}

@inproceedings {Gonzalez:2012:Powergraph,
	author = {Joseph E. Gonzalez and Yucheng Low and Haijie Gu and Danny Bickson and Carlos Guestrin},
	title = {PowerGraph: Distributed Graph-Parallel Computation on Natural Graphs},
	booktitle = {Presented as part of the 10th USENIX Symposium on Operating Systems Design and Implementation (OSDI 12)},
	year = {2012},
	isbn = {978-1-931971-96-6},
	address = {Hollywood, CA},
	pages = {17--30},
	url = {https://www.usenix.org/conference/osdi12/technical-sessions/presentation/gonzalez},
	publisher = {USENIX},
}

--------------------------------------------------
                  Taxonomy
--------------------------------------------------

@inproceedings{Plump:2009:GPL,
	author = {Plump, Detlef},
	title = {The Graph Programming Language {GP}},
	booktitle = {Proceedings of the 3rd International Conference on Algebraic Informatics},
	series = {CAI '09},
	year = {2009},
	isbn = {978-3-642-03563-0},
	location = {Thessaloniki, Greece},
	pages = {99--122},
	numpages = {24},
	url = {http://dx.doi.org/10.1007/978-3-642-03564-7_6},
	doi = {10.1007/978-3-642-03564-7_6},
	acmid = {1616606},
	publisher = {Springer-Verlag},
	address = {Berlin, Heidelberg},
}

@article{Rodriguez:2015:Gremlin,
	author    = {Marko A. Rodriguez},
	title     = {The Gremlin Graph Traversal Machine and Language},
	journal   = {CoRR},
	volume    = {abs/1508.03843},
	year      = {2015},
	url       = {http://arxiv.org/abs/1508.03843},
	timestamp = {Tue, 01 Sep 2015 14:42:40 +0200},
	biburl    = {http://dblp.uni-trier.de/rec/bib/journals/corr/Rodriguez15},
	bibsource = {dblp computer science bibliography, http://dblp.org}
}

@article{Beamer:2015:GAPBench,
	author    = {Scott Beamer and
	Krste Asanovic and
	David A. Patterson},
	title     = {The {GAP} Benchmark Suite},
	journal   = {CoRR},
	volume    = {abs/1508.03619},
	year      = {2015},
	url       = {http://arxiv.org/abs/1508.03619},
	timestamp = {Tue, 01 Sep 2015 14:42:40 +0200},
	biburl    = {http://dblp.uni-trier.de/rec/bib/journals/corr/BeamerAP15},
	bibsource = {dblp computer science bibliography, http://dblp.org}
}

@inproceedings{Hein:2016:DynoGraph,
	author = {Eric Hein and Tom Conte},
	title = {DynoGraph: Benchmarking Dynamic Graph Analytics},
	series = {SC '16},
	year = {2016},
	url = {http://sc16.supercomputing.org/sc-archive/tech_poster/poster_files/post214s2-file3.pdf},
	notes = {Extended abstract},
}

@inproceedings{Cheng:2012:Kineograph,
	author = {Cheng, Raymond and Hong, Ji and Kyrola, Aapo and Miao, Youshan and Weng, Xuetian and Wu, Ming and Yang, Fan and Zhou, Lidong and Zhao, Feng and Chen, Enhong},
	title = {Kineograph: Taking the Pulse of a Fast-changing and Connected World},
	booktitle = {Proceedings of the 7th ACM European Conference on Computer Systems},
	series = {EuroSys '12},
	year = {2012},
	isbn = {978-1-4503-1223-3},
	location = {Bern, Switzerland},
	pages = {85--98},
	numpages = {14},
	url = {http://doi.acm.org/10.1145/2168836.2168846},
	doi = {10.1145/2168836.2168846},
	acmid = {2168846},
	publisher = {ACM},
	address = {New York, NY, USA},
	keywords = {distributed storage, graph processing},
}

@inproceedings{Dutot:2007:GraphStream,
	title = {{GraphStream: A Tool for bridging the gap between Complex Systems and Dynamic Graphs}},
	author = {Dutot, Antoine and Guinand, Fr{\'e}d{\'e}ric and Olivier, Damien and Pign{\'e}, Yoann},
	url = {https://hal.archives-ouvertes.fr/hal-00264043},
	booktitle = {Emergent Properties in Natural and Artificial Complex Systems. Satellite Conference within the 4th European Conference on Complex Systems},
	series = {EECS '07},
	address = {Dresden, Germany},
	year = {2007},
	month = Oct,
	pdf = {https://hal.archives-ouvertes.fr/hal-00264043/file/GraphStream.pdf},
	hal_id = {hal-00264043},
	hal_version = {v1},
}

@inproceedings{Sharma:2016:GraphJet,
	title = {GraphJet: Real-Time Content Recommendations at Twitter},
	author = {Aneesh Sharma and Jerry Jiang and Praveen Bommannavar and Brian Larson  and Jimmy Lin},
	url = {http://www.vldb.org/pvldb/vol9/p1281-sharma.pdf},
	booktitle = {Proceedings of the {VLDB} Endowment}
	year = {2016},
	volume = {9},
	number = {13},
}
	