--------------------------------------------------
                  DRP Contract
--------------------------------------------------
@inproceedings{Capota:2015:Graphalytics,
	author = {Capot\u{a}, Mihai and Hegeman, Tim and Iosup, Alexandru and Prat-P{\'e}rez, Arnau and Erling, Orri and Boncz, Peter},
	title = {Graphalytics: A Big Data Benchmark for Graph-Processing Platforms},
	booktitle = {Proceedings of the GRADES'15},
	series = {GRADES'15},
	year = {2015},
	isbn = {978-1-4503-3611-6},
	location = {Melbourne, VIC, Australia},
	pages = {7:1--7:6},
	articleno = {7},
	numpages = {6},
	url = {http://doi.acm.org/10.1145/2764947.2764954},
	doi = {10.1145/2764947.2764954},
	acmid = {2764954},
	publisher = {ACM},
	address = {New York, NY, USA}
}

@techreport{Iosup:2016:Graphalyticstech,
	author = {Alexandru Iosup and Tim Hegeman and Wing Lung Ngai and Stijn Heldens and Arnau Prat P{\'e}rez and Thomas Manhardt and Hassan Chafi and Mihai Capota and Narayanan Sundaram and Michael Anderson and Ilie Gabriel Tanase and Yinglong Xia and Lifeng Nai and Peter Boncz},
	title = {LDBC Graphalytics: A Benchmark for Large-Scale Graph Analysis on Parallel and Distributed Platforms, a Technical Report},
	year = {2016},
	institution = {Delft University of Technology},
}

This one is longer than the Capota graphalytics paper.
@inproceedings{Guo:2014:Graphalytics, 
	author={Y. Guo and M. Biczak and A. L. Varbanescu and A. Iosup and C. Martella and T. L. Willke}, 
	booktitle={Parallel and Distributed Processing Symposium, 2014 IEEE 28th International}, 
	title={How Well Do Graph-Processing Platforms Perform? An Empirical Performance Evaluation and Analysis}, 
	year={2014}, 
	pages={395-404}, 
	keywords={benchmark testing;data analysis;algorithmic classes;benchmarking suite;comprehensive process;datasets;empirical performance evaluation;graph-processing platforms;representative metrics;resource utilization;user-lever performance;Algorithm design and analysis;Benchmark testing;Measurement;Programming;Scalability;Terrestrial atmosphere;Yarn;benchmark;graph processing;performance evaluation}, 
	doi={10.1109/IPDPS.2014.49}, 
	ISSN={1530-2075}, 
	month={May}
}

@inproceedings{Firoz:2016:Reportcard,
	author = {Firoz, Jesun Sahariar and Kanewala, Thejaka Amila and Zalewski, Marcin and Barnas, Martina and Lumsdaine, Andrew},
	title = {Context Matters: Distributed Graph Algorithms and Runtime Systems: A Case Study of Distributed Graph Traversals},
	booktitle = {Proceedings of the Platform for Advanced Scientific Computing Conference},
	series = {PASC '16},
	year = {2016},
	isbn = {978-1-4503-4126-4},
	location = {Lausanne, Switzerland},
	pages = {12:1--12:10},
	articleno = {12},
	numpages = {10},
	url = {http://doi.acm.org/10.1145/2929908.2929917},
	doi = {10.1145/2929908.2929917},
	acmid = {2929917},
	publisher = {ACM},
	address = {New York, NY, USA},
	keywords = {Distributed graph algorithms, Runtimes, Single source shortest paths},
}

@phdthesis{Beamer:2016:GAP,
	Author = {Beamer, Scott},
	Title = {Understanding and Improving Graph Algorithm Performance},
	School = {EECS Department, University of California, Berkeley},
	Year = {2016},
	Month = {Sep},
	URL = {http://www2.eecs.berkeley.edu/Pubs/TechRpts/2016/EECS-2016-153.html},
	Number = {UCB/EECS-2016-153},
}

@inproceedings {kyrola:2012:Graphchi,
	author = {Aapo Kyrola and Guy Blelloch and Carlos Guestrin},
	title = {GraphChi: Large-Scale Graph Computation on Just a PC},
	booktitle = {Presented as part of the 10th USENIX Symposium on Operating Systems Design and Implementation (OSDI 12)},
	year = {2012},
	isbn = {978-1-931971-96-6},
	address = {Hollywood, CA},
	pages = {31--46},
	url = {https://www.usenix.org/conference/osdi12/technical-sessions/presentation/kyrola},
	publisher = {USENIX}
}

@inproceedings{Nai:2015:Graphbig,
	author = {Nai, Lifeng and Xia, Yinglong and Tanase, Ilie G. and Kim, Hyesoon and Lin, Ching-Yung},
	title = {{GraphBIG}: Understanding Graph Computing in the Context of Industrial Solutions},
	booktitle = {Proceedings of the International Conference for High Performance Computing, Networking, Storage and Analysis},
	series = {SC '15},
	year = {2015},
	isbn = {978-1-4503-3723-6},
	location = {Austin, Texas},
	pages = {69:1--69:12},
	articleno = {69},
	numpages = {12},
	url = {http://doi.acm.org/10.1145/2807591.2807626},
	doi = {10.1145/2807591.2807626},
	acmid = {2807626},
	publisher = {ACM},
	address = {New York, NY, USA},
}

@techreport{Murphy:2010:Graph500,
	author = {Murphy, Richard C. and Wheeler, Kyle B. and Barrett, Brian W. and Arg, James A.},
	title = {Introducing the Graph500},
	institution = {Cray User's Group},
	year = {2010},
}

@inproceedings{Eisenman:2016:Prejudice,
	author = {Eisenman, Assaf and Cherkasova, Ludmila and Magalhaes, Guilherme and Cai, Qiong and Faraboschi, Paolo and Katti, Sachin},
	title = {Parallel Graph Processing: Prejudice and State of the Art},
	booktitle = {Proceedings of the 7th ACM/SPEC on International Conference on Performance Engineering},
	series = {ICPE '16},
	year = {2016},
	isbn = {978-1-4503-4080-9},
	location = {Delft, The Netherlands},
	pages = {85--90},
	numpages = {6},
	url = {http://doi.acm.org/10.1145/2851553.2851572},
	doi = {10.1145/2851553.2851572},
	acmid = {2851572},
	publisher = {ACM},
	address = {New York, NY, USA},
	keywords = {benchmarking, hardware performance counters, parallel graph processing, profiling},
}

@inproceedings{Gamblin:2015:Spack,
	author = {Gamblin, Todd and LeGendre, Matthew and Collette, Michael R. and Lee, Gregory L. and Moody, Adam and de Supinski, Bronis R. and Futral, Scott},
	title = {The Spack Package Manager: Bringing Order to HPC Software Chaos},
	booktitle = {Proceedings of the International Conference for High Performance Computing, Networking, Storage and Analysis},
	series = {SC '15},
	year = {2015},
	isbn = {978-1-4503-3723-6},
	location = {Austin, Texas},
	pages = {40:1--40:12},
	articleno = {40},
	numpages = {12},
	url = {http://doi.acm.org/10.1145/2807591.2807623},
	doi = {10.1145/2807591.2807623},
	acmid = {2807623},
	publisher = {ACM},
	address = {New York, NY, USA},
}

@article{Shende:2006:Tau,
	author = {Shende, Sameer S. and Malony, Allen D.},
	title = {The Tau Parallel Performance System},
	journal = {Int. J. High Perform. Comput. Appl.},
	issue_date = {May 2006},
	volume = {20},
	number = {2},
	month = may,
	year = {2006},
	issn = {1094-3420},
	pages = {287--311},
	numpages = {25},
	url = {http://dx.doi.org/10.1177/1094342006064482},
	doi = {10.1177/1094342006064482},
	acmid = {1125982},
	publisher = {Sage Publications, Inc.},
	address = {Thousand Oaks, CA, USA},
	keywords = {Performance evaluation, TAU, analysis, instrumentation, measurement},
}

--------------------------------------------------
                    Survey
--------------------------------------------------

Technical Report PDS-2014-003
@techreport{Doekemeijer:2015:GPFSurvey,
	author = {Niels Doekemeijer and Ana Lucia Varbanescu},
	title = {A Survey of Parallel Graph Processing Frameworks},
	year = {2014},
	institution = {Delft University of Technology},
}

@inproceedings {Gonzalez:2012:Powergraph,
	author = {Joseph E. Gonzalez and Yucheng Low and Haijie Gu and Danny Bickson and Carlos Guestrin},
	title = {PowerGraph: Distributed Graph-Parallel Computation on Natural Graphs},
	booktitle = {Presented as part of the 10th USENIX Symposium on Operating Systems Design and Implementation (OSDI 12)},
	year = {2012},
	isbn = {978-1-931971-96-6},
	address = {Hollywood, CA},
	pages = {17--30},
	url = {https://www.usenix.org/conference/osdi12/technical-sessions/presentation/gonzalez},
	publisher = {USENIX},
}

--------------------------------------------------
                  Taxonomy
--------------------------------------------------

@inproceedings{Plump:2009:GPL,
	author = {Plump, Detlef},
	title = {The Graph Programming Gre {GP}},
	booktitle = {Proceedings of the 3rd International Conference on Algebraic Informatics},
	series = {CAI '09},
	year = {2009},
	isbn = {978-3-642-03563-0},
	location = {Thessaloniki, mce},
	pages = {99--122},
	numpages = {24},
	url = {http://dx.doi.org/10.1007/978-3-642-03564-7_6},
	doi = {10.1007/978-3-642-03564-7_6},
	acmid = {1616606},
	publisher = {Springer-Verlag},
	address = {Berlin, Heidelberg},
}

@article{Rodriguez:2015:Gremlin,
	author    = {Marko A. Rodriguez},
	title     = {The Gremlin Graph Traversal Machine and Language},
	journal   = {CoRR},
	volume    = {abs/1508.03843},
	year      = {2015},
	url       = {http://arxiv.org/abs/1508.03843},
	timestamp = {Tue, 01 Sep 2015 14:42:40 +0200},
	biburl    = {http://dblp.uni-trier.de/rec/bib/journals/corr/Rodriguez15},
	bibsource = {dblp computer science bibliography, http://dblp.org}
}

@article{Beamer:2015:GAPBench,
	author    = {Scott Beamer and
	Krste Asanovic and
	David A. Patterson},
	title     = {The {GAP} Benchmark Suite},
	journal   = {CoRR},
	volume    = {abs/1508.03619},
	year      = {2015},
	url       = {http://arxiv.org/abs/1508.03619},
	timestamp = {Tue, 01 Sep 2015 14:42:40 +0200},
	biburl    = {http://dblp.uni-trier.de/rec/bib/journals/corr/BeamerAP15},
	bibsource = {dblp computer science bibliography, http://dblp.org}
}

@inproceedings{Hein:2016:DynoGraph,
	author = {Eric Hein and Tom Conte},
	title = {DynoGraph: Benchmarking Dynamic Graph Analytics},
	series = {SC '16},
	year = {2016},
	url = {http://sc16.supercomputing.org/sc-archive/tech_poster/poster_files/post214s2-file3.pdf},
	notes = {Extended abstract},
}

@inproceedings{Cheng:2012:Kineograph,
	author = {Cheng, Raymond and Hong, Ji and Kyrola, Aapo and Miao, Youshan and Weng, Xuetian and Wu, Ming and Yang, Fan and Zhou, Lidong and Zhao, Feng and Chen, Enhong},
	title = {Kineograph: Taking the Pulse of a Fast-changing and Connected World},
	booktitle = {Proceedings of the 7th ACM European Conference on Computer Systems},
	series = {EuroSys '12},
	year = {2012},
	isbn = {978-1-4503-1223-3},
	location = {Bern, Switzerland},
	pages = {85--98},
	numpages = {14},
	url = {http://doi.acm.org/10.1145/2168836.2168846},
	doi = {10.1145/2168836.2168846},
	acmid = {2168846},
	publisher = {ACM},
	address = {New York, NY, USA},
	keywords = {distributed storage, graph processing},
}

@inproceedings{Dutot:2007:GraphStream,
	title = {{GraphStream: A Tool for bridging the gap between Complex Systems and Dynamic Graphs}},
	author = {Dutot, Antoine and Guinand, Fr{\'e}d{\'e}ric and Olivier, Damien and Pign{\'e}, Yoann},
	url = {https://hal.archives-ouvertes.fr/hal-00264043},
	booktitle = {Emergent Properties in Natural and Artificial Complex Systems. Satellite Conference within the 4th European Conference on Complex Systems},
	series = {EECS '07},
	address = {Dresden, Germany},
	year = {2007},
	month = Oct,
	pdf = {https://hal.archives-ouvertes.fr/hal-00264043/file/GraphStream.pdf},
	hal_id = {hal-00264043},
	hal_version = {v1},
}

@inproceedings{Sharma:2016:GraphJet,
	title = {GraphJet: Real-Time Content Recommendations at Twitter},
	author = {Aneesh Sharma and Jerry Jiang and Praveen Bommannavar and Brian Larson  and Jimmy Lin},
	url = {http://www.vldb.org/pvldb/vol9/p1281-sharma.pdf},
	booktitle = {Proceedings of the {VLDB} Endowment},
	year = {2016},
	volume = {9},
	number = {13},
}

@article{Chevalier:2008:PTScotch,
	author = {Chevalier, C. and Pellegrini, F.},
	title = {PT-Scotch: A Tool for Efficient Parallel Graph Ordering},
	journal = {Parallel Comput.},
	issue_date = {July, 2008},
	volume = {34},
	number = {6-8},
	month = jul,
	year = {2008},
	issn = {0167-8191},
	pages = {318--331},
	numpages = {14},
	url = {http://dx.doi.org/10.1016/j.parco.2007.12.001},
	doi = {10.1016/j.parco.2007.12.001},
	acmid = {1377241},
	publisher = {Elsevier Science Publishers B. V.},
	address = {Amsterdam, The Netherlands, The Netherlands},
	keywords = {Distributed-memory computer, Multi-threading, Parallel graph ordering, Parallel nested dissection},
}

@article{Karypis:1998:ParMETIS,
	author = {Karypis, George and Kumar, Vipin},
	title = {A Parallel Algorithm for Multilevel Graph Partitioning and Sparse Matrix Ordering},
	journal = {J. Parallel Distrib. Comput.},
	issue_date = {Jan. 1998},
	volume = {48},
	number = {1},
	month = jan,
	year = {1998},
	issn = {0743-7315},
	pages = {71--95},
	numpages = {25},
	url = {http://dx.doi.org/10.1006/jpdc.1997.1403},
	doi = {10.1006/jpdc.1997.1403},
	acmid = {287108},
	publisher = {Academic Press, Inc.},
	address = {Orlando, FL, USA},
	keywords = {fill reducing ordering, multilevel partitioning methods, numerical linear algebra., parallel graph partitioning},
}

@inproceedings{Devine:2000:Zoltan,
	AUTHOR = "Karen Devine and Bruce Hendrickson and Erik Boman and Matthew St.\ John and Courtenay Vaughan",
	TITLE = "Design of Dynamic Load-Balancing Tools for Parallel Applications",
	BOOKTITLE = "Proc.\ Intl.\ Conf.\ on Supercomputing" ,
	ADDRESS = "Santa Fe, New Mexico",
	PAGES = "110--118",
	YEAR = "2000"
}

@inproceedings{Hong:2015:PGX,
	author = {Hong, Sungpack and Depner, Siegfried and Manhardt, Thomas and Van Der Lugt, Jan and Verstraaten, Merijn and Chafi, Hassan},
	title = {{PGX.D}: A Fast Distributed Graph Processing Engine},
	booktitle = {Proceedings of the International Conference for High Performance Computing, Networking, Storage and Analysis},
	series = {SC '15},
	year = {2015},
	isbn = {978-1-4503-3723-6},
	location = {Austin, Texas},
	pages = {58:1--58:12},
	articleno = {58},
	numpages = {12},
	url = {http://doi.acm.org/10.1145/2807591.2807620},
	doi = {10.1145/2807591.2807620},
	acmid = {2807620},
	publisher = {ACM},
	address = {New York, NY, USA},
}

--------------------------------------------------
                  Euro-Par
--------------------------------------------------
@inproceedings{Low:2010:GraphLab,
	title = {GraphLab: A New Parallel Framework for Machine Learning},
	author = {Yucheng Low and
	Joseph Gonzalez and
	Aapo Kyrola and
	Danny Bickson and
	Carlos Guestrin and
	Joseph M. Hellerstein},
	booktitle = {Conference on Uncertainty in Artificial Intelligence (UAI)},
	month = {July},
	year = {2010}
}

@inproceedings{Gharaibeh:2012:Totem,
	author = {Gharaibeh, Abdullah and Beltr\~{a}o Costa, Lauro and Santos-Neto, Elizeu and Ripeanu, Matei},
	title = {A Yoke of Oxen and a Thousand Chickens for Heavy Lifting Graph Processing},
	booktitle = {Proceedings of the 21st International Conference on Parallel Architectures and Compilation Techniques},
	series = {PACT '12},
	year = {2012},
	isbn = {978-1-4503-1182-3},
	location = {Minneapolis, Minnesota, USA},
	pages = {345--354},
	numpages = {10},
	url = {http://doi.acm.org/10.1145/2370816.2370866},
	doi = {10.1145/2370816.2370866},
	acmid = {2370866},
	publisher = {ACM},
	address = {New York, NY, USA},
	keywords = {breadth-first search, gpu, graph algorithms, heterogeneous systems, pagerank, totem},
}

@inproceedings{Xin:2013:GraphX,
	author = {Xin, Reynold S. and Gonzalez, Joseph E. and Franklin, Michael J. and Stoica, Ion},
	title = {{GraphX}: A Resilient Distributed Graph System on Spark},
	booktitle = {First International Workshop on Graph Data Management Experiences and Systems},
	series = {GRADES '13},
	year = {2013},
	isbn = {978-1-4503-2188-4},
	location = {New York, New York},
	pages = {2:1--2:6},
	articleno = {2},
	numpages = {6},
	url = {http://doi.acm.org/10.1145/2484425.2484427},
	doi = {10.1145/2484425.2484427},
	acmid = {2484427},
	publisher = {ACM},
	address = {New York, NY, USA},
}

@article{Cheramangalath:2015:Falcon,
	author = {Cheramangalath, Unnikrishnan and Nasre, Rupesh and Srikant, Y. N.},
	title = {Falcon: A Graph Manipulation Language for Heterogeneous Systems},
	journal = {ACM Trans. Archit. Code Optim.},
	issue_date = {January 2016},
	volume = {12},
	number = {4},
	month = dec,
	year = {2015},
	issn = {1544-3566},
	pages = {54:1--54:27},
	articleno = {54},
	numpages = {27},
	url = {http://doi.acm.org/10.1145/2842618},
	doi = {10.1145/2842618},
	acmid = {2842618},
	publisher = {ACM},
	address = {New York, NY, USA},
	keywords = {CUDA, GPU, Graph manipulation languages, OpenMP, domain specific languages, local computation algorithms, morph algorithms, multi-core CPU},
}

@misc{Gregor:2005:PBGL,
	author = {D. Gregor and N. Edmonds and B. Barrett and A. Lumsdaine},
	title = {The Parallel Boost Graph Library},
	howpublished = {\url{http://www.osl.iu.edu/research/pbgl}},
	year = {2005}
}

@inproceedings{Perez:2015:Ringo,
	author = {Perez, Yonathan and Sosi\v{c}, Rok and Banerjee, Arijit and Puttagunta, Rohan and Raison, Martin and Shah, Pararth and Leskovec, Jure},
	title = {Ringo: Interactive Graph Analytics on Big-Memory Machines},
	booktitle = {Proceedings of the 2015 ACM SIGMOD International Conference on Management of Data},
	series = {SIGMOD '15},
	year = {2015},
	isbn = {978-1-4503-2758-9},
	location = {Melbourne, Victoria, Australia},
	pages = {1105--1110},
	numpages = {6},
	url = {http://doi.acm.org/10.1145/2723372.2735369},
	doi = {10.1145/2723372.2735369},
	acmid = {2735369},
	publisher = {ACM},
	address = {New York, NY, USA},
	keywords = {algorithms, graph analytics, graph processing, graphs, networks, performance},
}

@article{Leskovec:2010:Kronecker,
	author = {Leskovec, Jure and Chakrabarti, Deepayan and Kleinberg, Jon and Faloutsos, Christos and Ghahramani, Zoubin},
	title = {Kronecker Graphs: An Approach to Modeling Networks},
	journal = {J. Mach. Learn. Res.},
	issue_date = {3/1/2010},
	volume = {11},
	month = mar,
	year = {2010},
	issn = {1532-4435},
	pages = {985--1042},
	numpages = {58},
	url = {http://dl.acm.org/citation.cfm?id=1756006.1756039},
	acmid = {1756039},
	publisher = {JMLR.org},
}

@article{Zhong:2014:Medusa,
	author = {Zhong, Jianlong and He, Bingsheng},
	title = {Medusa: Simplified Graph Processing on GPUs},
	journal = {IEEE Trans. Parallel Distrib. Syst.},
	issue_date = {June 2014},
	volume = {25},
	number = {6},
	month = jun,
	year = {2014},
	issn = {1045-9219},
	pages = {1543--1552},
	numpages = {10},
	url = {http://dx.doi.org/10.1109/TPDS.2013.111},
	doi = {10.1109/TPDS.2013.111},
	acmid = {2707627},
	publisher = {IEEE Press},
	address = {Piscataway, NJ, USA},
}

@inproceedings{Kang:2009:Pegasus,
	author = {Kang, U. and Tsourakakis, Charalampos E. and Faloutsos, Christos},
	title = {PEGASUS: A Peta-Scale Graph Mining System Implementation and Observations},
	booktitle = {Proceedings of the 2009 Ninth IEEE International Conference on Data Mining},
	series = {ICDM '09},
	year = {2009},
	isbn = {978-0-7695-3895-2},
	pages = {229--238},
	numpages = {10},
	url = {http://dx.doi.org/10.1109/ICDM.2009.14},
	doi = {10.1109/ICDM.2009.14},
	acmid = {1677058},
	publisher = {IEEE Computer Society},
	address = {Washington, DC, USA},
	keywords = {PEGASUS, graph mining, hadoop}
}

@inproceedings{Hong:2012:GreenMarl,
	author = {Hong, Sungpack and Chafi, Hassan and Sedlar, Edic and Olukotun, Kunle},
	title = {Green-Marl: A DSL for Easy and Efficient Graph Analysis},
	booktitle = {Proceedings of the Seventeenth International Conference on Architectural Support for Programming Languages and Operating Systems},
	series = {ASPLOS XVII},
	year = {2012},
	isbn = {978-1-4503-0759-8},
	location = {London, England, UK},
	pages = {349--362},
	numpages = {14},
	url = {http://doi.acm.org/10.1145/2150976.2151013},
	doi = {10.1145/2150976.2151013},
	acmid = {2151013},
	publisher = {ACM},
	address = {New York, NY, USA},
	keywords = {domain-specific language, graph, parallel programming},
} 

@inproceedings{Edmonds:2013:ActiveMessages,
	author = {Edmonds, Nick and Willcock, Jeremiah and Lumsdaine, Andrew},
	title = {Expressing Graph Algorithms Using Generalized Active Messages},
	booktitle = {Proceedings of the 18th ACM SIGPLAN Symposium on Principles and Practice of Parallel Programming},
	series = {PPoPP '13},
	year = {2013},
	isbn = {978-1-4503-1922-5},
	location = {Shenzhen, China},
	pages = {289--290},
	numpages = {2},
	url = {http://doi.acm.org/10.1145/2442516.2442549},
	doi = {10.1145/2442516.2442549},
	acmid = {2442549},
	publisher = {ACM},
	address = {New York, NY, USA},
	keywords = {active messages, parallel graph algorithms, parallel programming models},
} 

@article{Sundaram:2015:GraphMat,
	author = {Sundaram, Narayanan and Satish, Nadathur and Patwary, Md Mostofa Ali and Dulloor, Subramanya R. and Anderson, Michael J. and Vadlamudi, Satya Gautam and Das, Dipankar and Dubey, Pradeep},
	title = {GraphMat: High Performance Graph Analytics Made Productive},
	journal = {Proc. VLDB Endow.},
	issue_date = {July 2015},
	volume = {8},
	number = {11},
	month = {jul},
	year = {2015},
	issn = {2150-8097},
	pages = {1214--1225},
	numpages = {12},
	url = {http://dx.doi.org/10.14778/2809974.2809983},
	doi = {10.14778/2809974.2809983},
	acmid = {2809983},
	publisher = {VLDB Endowment},
}

@article{Shun:2013:Ligra,
	author = {Shun, Julian and Blelloch, Guy E.},
	title = {Ligra: A Lightweight Graph Processing Framework for Shared Memory},
	journal = {SIGPLAN Not.},
	issue_date = {August 2013},
	volume = {48},
	number = {8},
	month = feb,
	year = {2013},
	issn = {0362-1340},
	pages = {135--146},
	numpages = {12},
	url = {http://doi.acm.org/10.1145/2517327.2442530},
	doi = {10.1145/2517327.2442530},
	acmid = {2442530},
	publisher = {ACM},
	address = {New York, NY, USA},
	keywords = {graph algorithms, parallel programming, shared memory},
}

@inproceedings{Nguyen:2013:Galois,
	author = {Donald Nguyen and Andrew Lenharth and Keshav Pingali},
	title = {A Lightweight Infrastructure for Graph Analytics},
	booktitle = {Proceedings of ACM Symposium on Operating Systems Principles},
	series = {SOSP '13},
	year = {2013},
	tags = {galois},
	isbn = {978-1-4503-2388-8},
	location = {Farminton, Pennsylvania},
	pages = {456--471},
	numpages = {16},
	doi = {10.1145/2517349.2522739},
	acmid = {2522739},
	url = {http://iss.ices.utexas.edu/Publications/Papers/nguyen13.pdf}
}

@mastersthesis{Ngai:2015:Granula,
	author = {Wing Lung Ngai},
	title = {Fine-grained Performance Evaluation of Large-scale Graph Processing Systems},
	school = {Delft University of Technology},
	year = {2015},
}

@inproceedings{Guo:2012:GTA,
	author = {Guo, Yong and Iosup, Alexandru},
	title = {The Game Trace Archive},
	booktitle = {Proceedings of the 11th Annual Workshop on Network and Systems Support for Games},
	series = {NetGames '12},
	year = {2012},
	isbn = {978-1-4673-4578-1},
	location = {Venice, Italy},
	pages = {4:1--4:6},
	articleno = {4},
	numpages = {6},
	url = {http://dl.acm.org/citation.cfm?id=2501560.2501566},
	acmid = {2501566},
	publisher = {IEEE Press},
	address = {Piscataway, NJ, USA},
}

@article{Browne:2000:PAPI,
	author = {Browne, S. and Dongarra, J. and Garner, N. and Ho, G. and Mucci, P.},
	title = {A Portable Programming Interface for Performance Evaluation on Modern Processors},
	journal = {Int. J. High Perform. Comput. Appl.},
	issue_date = {August    2000},
	volume = {14},
	number = {3},
	month = aug,
	year = {2000},
	issn = {1094-3420},
	pages = {189--204},
	numpages = {16},
	url = {http://dx.doi.org/10.1177/109434200001400303},
	doi = {10.1177/109434200001400303},
	acmid = {1057156},
	publisher = {Sage Publications, Inc.},
	address = {Thousand Oaks, CA, USA},
}

@inproceedings{Satish:2014:NavigatingGraph,
	author = {Satish, Nadathur and Sundaram, Narayanan and Patwary, Md. Mostofa Ali and Seo, Jiwon and Park, Jongsoo and Hassaan, M. Amber and Sengupta, Shubho and Yin, Zhaoming and Dubey, Pradeep},
	title = {Navigating the Maze of Graph Analytics Frameworks Using Massive Graph Datasets},
	booktitle = {Proceedings of the 2014 ACM SIGMOD International Conference on Management of Data},
	series = {SIGMOD '14},
	year = {2014},
	isbn = {978-1-4503-2376-5},
	location = {Snowbird, Utah, USA},
	pages = {979--990},
	numpages = {12},
	url = {http://doi.acm.org/10.1145/2588555.2610518},
	doi = {10.1145/2588555.2610518},
	acmid = {2610518},
	publisher = {ACM},
	address = {New York, NY, USA},
	keywords = {Galois, analysis, cluster, combblas, frameworks, giraph, graph analytics, graphlab, graphs, performance, socialite},
}

@article{Lu:2014:ExperimentalEval,
	author = {Lu, Yi and Cheng, James and Yan, Da and Wu, Huanhuan},
	title = {Large-scale Distributed Graph Computing Systems: An Experimental Evaluation},
	journal = {Proc. VLDB Endow.},
	issue_date = {November 2014},
	volume = {8},
	number = {3},
	month = nov,
	year = {2014},
	issn = {2150-8097},
	pages = {281--292},
	numpages = {12},
	url = {http://dx.doi.org/10.14778/2735508.2735517},
	doi = {10.14778/2735508.2735517},
	acmid = {2735517},
	publisher = {VLDB Endowment},
}

